/* ### 1.- AI crece exponencialmente como tecnología disruptiva */
@article{puavualoaia2023artificial,
  title={Artificial intelligence as a disruptive technology—a systematic literature review},
  author={P{\u{a}}v{\u{a}}loaia, Vasile-Daniel and Necula, Sabina-Cristiana},
  journal={Electronics},
  volume={12},
  number={5},
  pages={1102},
  year={2023},
  publisher={MDPI}
}

/* q-grams */
@article{Villa-Perez2023,
author = {Miryam Elizabeth Villa-Pérez and Luis A. Trejo and Maisha Binte Moin and Eleni Stroulia},
title = {Extracting Mental Health Indicators From English and Spanish Social Media: A Machine Learning Approach},
journal = {IEEE Access},
volume = {11},
pages = {128141--128152},
year = {2023},
month = {November},
doi = {10.1109/ACCESS.2023.3332289}
}

/* ### 2.- Las decisiones son opacas: requieren confiabilidad, transparencia y explicabilidad 
Opacos */
@article{zhao2024explainability,
  title={Explainability for large language models: A survey},
  author={Zhao, Haiyan and Chen, Hanjie and Yang, Fan and Liu, Ninghao and Deng, Huiqi and Cai, Hengyi and Wang, Shuaiqiang and Yin, Dawei and Du, Mengnan},
  journal={ACM Transactions on Intelligent Systems and Technology},
  volume={15},
  number={2},
  pages={1--38},
  year={2024},
  publisher={ACM New York, NY}
}
@article{tellez2017case,
  title={A case study of Spanish text transformations for twitter sentiment analysis},
  author={Tellez, Eric S and Miranda-Jim{\'e}nez, Sabino and Graff, Mario and Moctezuma, Daniela and Siordia, Oscar S and Villase{\~n}or, Elio A},
  journal={Expert Systems with Applications},
  volume={81},
  pages={457--471},
  year={2017},
  publisher={Elsevier}
}
/* 12,940 SubWords y q-grams, n-grams */
@article{bojanowski2017enriching,
  title={Enriching word vectors with subword information},
  author={Bojanowski, Piotr and Grave, Edouard and Joulin, Armand and Mikolov, Tomas},
  journal={Transactions of the association for computational linguistics},
  volume={5},
  pages={135--146},
  year={2017},
  publisher={MIT Press One Rogers Street, Cambridge, MA 02142-1209, USA journals-info~…}
}
/* 2,850 */
@inproceedings{gilpin2018explaining,
  title={Explaining explanations: An overview of interpretability of machine learning},
  author={Gilpin, Leilani H and Bau, David and Yuan, Ben Z and Bajwa, Ayesha and Specter, Michael and Kagal, Lalana},
  booktitle={2018 IEEE 5th International Conference on data science and advanced analytics (DSAA)},
  pages={80--89},
  year={2018},
  organization={IEEE}
}
/* 116 mil BERT */
@article{devlin2018bert,
  title={Bert: Pre-training of deep bidirectional transformers for language understanding},
  author={Devlin, Jacob},
  journal={arXiv preprint arXiv:1810.04805},
  year={2018}
}
@article{chen2022multiple,
  title={Multiple weak supervision for short text classification},
  author={Chen, Li-Ming and Xiu, Bao-Xin and Ding, Zhao-Yun},
  journal={Applied Intelligence},
  volume={52},
  number={8},
  pages={9101--9116},
  year={2022},
  publisher={Springer}
}
@article{pattanayak2024semi,
  title={A semi-supervised approach of short text topic modeling using embedded fuzzy clustering for Twitter hashtag recommendation},
  author={Pattanayak, Pradipta Kumar and Tripathy, Rudra Mohan and Padhy, Sudarsan},
  journal={Discover Sustainability},
  volume={5},
  number={1},
  pages={56},
  year={2024},
  publisher={Springer}
}
@article{yadav2021comprehensive,
  title={A comprehensive review on resolving ambiguities in natural language processing},
  author={Yadav, Apurwa and Patel, Aarshil and Shah, Manan},
  journal={AI Open},
  volume={2},
  pages={85--92},
  year={2021},
  publisher={Elsevier}
}
@article{hacohen2020influence,
  title={The influence of preprocessing on text classification using a bag-of-words representation},
  author={HaCohen-Kerner, Yaakov and Miller, Daniel and Yigal, Yair},
  journal={PloS one},
  volume={15},
  number={5},
  pages={e0232525},
  year={2020},
  publisher={Public Library of Science San Francisco, CA USA}
}
@article{wang2021hierarchical,
  title={Hierarchical heterogeneous graph representation learning for short text classification},
  author={Wang, Yaqing and Wang, Song and Yao, Quanming and Dou, Dejing},
  journal={arXiv preprint arXiv:2111.00180},
  year={2021}
}
@article{ashfaq2021natural,
  title={Natural language ambiguity resolution by intelligent semantic annotation of software requirements},
  author={Ashfaq, Fariha and Bajwa, Imran Sarwar},
  journal={Automated Software Engineering},
  volume={28},
  number={2},
  pages={13},
  year={2021},
  publisher={Springer}
}

@inproceedings{acun2023training,
  title={In-Training Explainability Frameworks: A Method to Make Black-Box Machine Learning Models More Explainable},
  author={Acun, Cagla and Nasraoui, Olfa},
  booktitle={2023 IEEE International Conference on Web Intelligence and Intelligent Agent Technology (WI-IAT)},
  pages={230--237},
  year={2023},
  organization={IEEE}
}

@phdthesis{anjomshoae2022context,
  title={Context-based explanations for machine learning predictions},
  author={Anjomshoae, Sule},
  year={2022},
  school={Ume{\aa} University}
}

@article{aminimotlagh2022reliable,
  title={A reliable sentiment analysis for classification of tweets in social networks},
  author={AminiMotlagh, Masoud and Shahhoseini, HadiShahriar and Fatehi, Nina},
  journal={Social network analysis and mining},
  volume={13},
  number={1},
  pages={7},
  year={2022},
  publisher={Springer}
}

@misc{vanotten2023regularization,
  author = {Van Otten, Neri},
  title = {L1 And L2 Regularization Explained, When To Use Them \& Practical How To Examples},
  year = {2023},
  month = {May},
  day = {26},
  howpublished = {\url{https://spotintelligence.com/2023/05/26/l1-l2-regularization/}},
  note = {Last accessed: Octubre 24, 2024},
  publisher = {Spot Intelligence}
}
@article{heidary2024performance,
  title={Performance evaluation of machine learning algorithms in reduced dimensional spaces},
  author={Heidary, K. and Atluri, V. and Bland, J.},
  journal={Journal of Cyber Security},
  volume={6},
  number={1},
  pages={69--87},
  year={2024},
  doi={10.32604/jcs.2024.051196}
}

@inproceedings{karajeh2023multi,
  title={Multi-view graph-based text representations for imbalanced classification},
  author={Karajeh, Ola and Lourentzou, Ismini and Fox, Edward A},
  booktitle={International Conference on Theory and Practice of Digital Libraries},
  pages={249--264},
  year={2023},
  organization={Springer}
}
@article{grootendorst2022bertopic,
  title={BERTopic: Neural topic modeling with a class-based TF-IDF procedure},
  author={Grootendorst, Maarten},
  journal={arXiv preprint arXiv:2203.05794},
  year={2022}
}
@inproceedings{zhuang2024trainable,
  title={Trainable Hard Negative Examples in Contrastive Learning for Unsupervised Abstractive Summarization},
  author={Zhuang, Haojie and Zhang, Wei Emma and Dong, Chang and Yang, Jian and Sheng, Quan},
  booktitle={Findings of the Association for Computational Linguistics: EACL 2024},
  pages={1589--1600},
  year={2024}
}
@article{pintas2021feature,
  title={Feature selection methods for text classification: a systematic literature review},
  author={Pintas, Julliano Trindade and Fernandes, Leandro AF and Garcia, Ana Cristina Bicharra},
  journal={Artificial Intelligence Review},
  volume={54},
  number={8},
  pages={6149--6200},
  year={2021},
  publisher={Springer}
}
@article{salih2023commentary,
  title={Commentary on explainable artificial intelligence methods: SHAP and LIME},
  author={Salih, Ahmed and Raisi-Estabragh, Zahra and Galazzo, Ilaria Boscolo and Radeva, Petia and Petersen, Steffen E and Menegaz, Gloria and Lekadir, Karim},
  journal={arXiv preprint arXiv:2305.02012},
  year={2023}
}
@article{minaee2021deep,
  title={Deep learning--based text classification: a comprehensive review},
  author={Minaee, Shervin and Kalchbrenner, Nal and Cambria, Erik and Nikzad, Narjes and Chenaghlu, Meysam and Gao, Jianfeng},
  journal={ACM computing surveys (CSUR)},
  volume={54},
  number={3},
  pages={1--40},
  year={2021},
  publisher={ACM New York, NY, USA}
}
@inproceedings{dogra2021understanding,
  title={Understanding of data preprocessing for dimensionality reduction using feature selection techniques in text classification},
  author={Dogra, Varun and Singh, Aman and Verma, Sahil and Kavita and Jhanjhi, NZ and Talib, MN},
  booktitle={Intelligent Computing and Innovation on Data Science: Proceedings of ICTIDS 2021},
  pages={455--464},
  year={2021},
  organization={Springer}
}

@article{wu2024feature,
  title={Feature selection in high-dimensional data: an enhanced RIME optimization with information entropy pruning and DBSCAN clustering},
  author={Wu, Huangying and Chen, Yi and Zhu, Wei and Cai, Zhennao and Heidari, Ali Asghar and Chen, Huiling},
  journal={International Journal of Machine Learning and Cybernetics},
  pages={1--44},
  year={2024},
  publisher={Springer}
}

@article{MeOffendEs2021,
            author = {{Plaza-del-Arco}, Flor Miriam and Casavantes, Marco and Escalante, {Hugo Jair} and {Mart{\'i}n-Valdivia}, M. Teresa and {Montejo-R{\'a}ez}, Arturo and {Montes-y-G{\'o}mez}, Manuel and {Jarqu{\'i}n-V{\'a}squez}, Horacio and {Villase{\~n}or-Pineda}, Luis},
            title = {{Overview of the MeOffendEs task on offensive text detection at IberLEF 2021}},
            journal = {Procesamiento del Lenguaje Natural},
            volume = {67},
            number = {0},
pages={},
            year = {2021},
            keywords = {},
            issn = {1989-7553},
}

@article{peeters2021exploring,
  title={Exploring the microbiome analysis and visualization landscape},
  author={Peeters, Jannes and Thas, Olivier and Shkedy, Ziv and Kodalci, Leyla and Musisi, Connie and Owokotomo, Olajumoke Evangelina and Dyczko, Aleksandra and Hamad, Ibrahim and Vangronsveld, Jaco and Kleinewietfeld, Markus and others},
  journal={Frontiers in Bioinformatics},
  volume={1},
  pages={774631},
  year={2021},
  publisher={Frontiers Media SA}
}
@article{do2021generalization,
  title={A generalization of t-SNE and UMAP to single-cell multimodal omics},
  author={Do, Van Hoan and Canzar, Stefan},
  journal={Genome Biology},
  volume={22},
  number={1},
  pages={130},
  year={2021},
  publisher={Springer}
}
@article{vimbi2024interpreting,
  title={Interpreting artificial intelligence models: a systematic review on the application of LIME and SHAP in Alzheimer’s disease detection},
  author={Vimbi, Viswan and Shaffi, Noushath and Mahmud, Mufti},
  journal={Brain Informatics},
  volume={11},
  number={1},
  pages={10},
  year={2024},
  publisher={Springer}
}
@article{ren2021survey,
  title={A survey of deep active learning},
  author={Ren, Pengzhen and Xiao, Yun and Chang, Xiaojun and Huang, Po-Yao and Li, Zhihui and Gupta, Brij B and Chen, Xiaojiang and Wang, Xin},
  journal={ACM computing surveys (CSUR)},
  volume={54},
  number={9},
  pages={1--40},
  year={2021},
  publisher={ACM New York, NY}
}

@inproceedings{peng2018subspace,
  title={Subspace clustering of very sparse high-dimensional data},
  author={Peng, Hankui and Pavlidis, Nicos and Eckley, Idris and Tsalamanis, Ioannis},
  booktitle={2018 IEEE International Conference on Big Data (Big Data)},
  pages={3780--3783},
  year={2018},
  organization={IEEE}
}

@article{mikolov2013efficient,
  title={Efficient estimation of word representations in vector space},
  author={Mikolov, Tomas},
  journal={arXiv preprint arXiv:1301.3781},
  volume={3781},
  year={2013}
}

@inproceedings{pennington2014glove,
  title={Glove: Global vectors for word representation},
  author={Pennington, Jeffrey and Socher, Richard and Manning, Christopher D},
  booktitle={Proceedings of the 2014 conference on empirical methods in natural language processing (EMNLP)},
  pages={1532--1543},
  year={2014}
}

@inproceedings{perez-etal-2022-robertuito,
    title = "{R}o{BERT}uito: a pre-trained language model for social media text in {S}panish",
    author = "P{\'e}rez, Juan Manuel  and
      Furman, Dami{\'a}n Ariel  and
      Alonso Alemany, Laura  and
      Luque, Franco M.",
    booktitle = "Proceedings of the Thirteenth Language Resources and Evaluation Conference",
    month = jun,
    year = "2022",
    address = "Marseille, France",
    publisher = "European Language Resources Association",
    url = "https://aclanthology.org/2022.lrec-1.785",
    pages = "7235--7243",
    abstract = "Since BERT appeared, Transformer language models and transfer learning have become state-of-the-art for natural language processing tasks. Recently, some works geared towards pre-training specially-crafted models for particular domains, such as scientific papers, medical documents, user-generated texts, among others. These domain-specific models have been shown to improve performance significantly in most tasks; however, for languages other than English, such models are not widely available. In this work, we present RoBERTuito, a pre-trained language model for user-generated text in Spanish, trained on over 500 million tweets. Experiments on a benchmark of tasks involving user-generated text showed that RoBERTuito outperformed other pre-trained language models in Spanish. In addition to this, our model has some cross-lingual abilities, achieving top results for English-Spanish tasks of the Linguistic Code-Switching Evaluation benchmark (LinCE) and also competitive performance against monolingual models in English Twitter tasks. To facilitate further research, we make RoBERTuito publicly available at the HuggingFace model hub together with the dataset used to pre-train it.",
}

@article{biswas2024hybrid,
  title={A hybrid framework using explainable AI (XAI) in cyber-risk management for defence and recovery against phishing attacks},
  author={Biswas, Baidyanath and Mukhopadhyay, Arunabha and Kumar, Ajay and Delen, Dursun},
  journal={Decision Support Systems},
  volume={177},
  pages={114102},
  year={2024},
  publisher={Elsevier}
}

/* 1017 cites */
@article{das2020opportunities,
  title={Opportunities and challenges in explainable artificial intelligence (xai): A survey},
  author={Das, Arun and Rad, Paul},
  journal={arXiv preprint arXiv:2006.11371},
  year={2020}
}

@article{tellez2018automated,
  title={An automated text categorization framework based on hyperparameter optimization},
  author={Tellez, Eric S and Moctezuma, Daniela and Miranda-Jim{\'e}nez, Sabino and Graff, Mario},
  journal={Knowledge-Based Systems},
  volume={149},
  pages={110--123},
  year={2018},
  publisher={Elsevier}
}

@inproceedings{barron2024clef,
  title={The CLEF-2024 CheckThat! Lab: Check-worthiness, subjectivity, persuasion, roles, authorities, and adversarial robustness},
  author={Barr{\'o}n-Cede{\~n}o, Alberto and Alam, Firoj and Chakraborty, Tanmoy and Elsayed, Tamer and Nakov, Preslav and Przyby{\l}a, Piotr and Stru{\ss}, Julia Maria and Haouari, Fatima and Hasanain, Maram and Ruggeri, Federico and others},
  booktitle={European Conference on Information Retrieval},
  pages={449--458},
  year={2024},
  organization={Springer}
}
@article{garcia2023overview,
  title={Overview of PoliticES at IberLEF 2023: Political ideology detection in Spanish texts},
  author={Garcia-D{\'\i}az, Jos{\'e} Antonio and Jim{\'e}nez Zafra, Salud M and Mart{\'\i}n Valdivia, Mar{\'\i}a Teresa and Garc{\'\i}a-S{\'a}nchez, Francisco and Ure{\~n}a L{\'o}pez, Luis Alfonso and Valencia Garc{\'\i}a, Rafael},
  year={2023},
  publisher={Sociedad Espa{\~n}ola para el Procesamiento del Lenguaje Natural}
}
@article{scikit-learn,
  author  = {Fabian Pedregosa and Gaël Varoquaux and Alexandre Gramfort and Vincent Michel and Bertrand Thirion and Olivier Grisel and Mathieu Blondel and Peter Prettenhofer and Ron Weiss and Vincent Dubourg and Jake Vanderplas and Alexandre Passos and David Cournapeau and Matthieu Brucher and Matthieu Perrot and Édouard Duchesnay},
  title   = {Scikit-learn: Machine Learning in {P}ython},
  journal = {Journal of Machine Learning Research},
  volume  = {12},
  pages   = {2825--2830},
  year    = {2011}
}
